
@incollection{battiti2007algorithm,
	title={An algorithm portfolio for the sub-graph isomorphism problem},
	author={Battiti, Roberto and Mascia, Franco},
	booktitle={Engineering Stochastic Local Search Algorithms. Designing, Implementing and Analyzing Effective Heuristics},
	pages={106--120},
	year={2007},
	publisher={Springer}
}

@incollection{kellerer2004introduction,
	title={Introduction to NP-Completeness of knapsack problems},
	author={Kellerer, Hans and Pferschy, Ulrich and Pisinger, David},
	booktitle={Knapsack problems},
	pages={483--493},
	year={2004},
	publisher={Springer}
}

@incollection{kotthoff2016algorithm,
	title={Algorithm selection for combinatorial search problems: A survey},
	author={Kotthoff, Lars},
	booktitle={Data Mining and Constraint Programming},
	pages={149--190},
	year={2016},
	publisher={Springer}
}

@online{aslibData,
	title = {Algorithm Selection scenario data},
	author = {Bernd Bischl},
	year = {2015},
	journal = {GitHub},
	url = {https://github.com/coseal/aslib_data}
}

@online{graphs2015,	
	title = {GRAPHS-2015},
	author = {Lars Kotthoff},
	year = {2016},
	journal = {GitHub},
	url = {http://github.com/coseal/aslib_data/tree/master/GRAPHS-2015}
}

@online{aslibspec,
	title = {Algorithm Selection Library format specification},
	author = {Marius Lindauer},
	year = {2016},
	journal = {GitHub},
	url = {https://github.com/coseal/aslib-spec/blob/master/format.md},
}

@Manual{aslibmanual,
	title = {aslib: Interface to the Algorithm Selection Benchmark Library},
	author = {Bernd Bischl and Lars Kotthoff and Pascal Kerschke},
	year = {2016},
	note = {R package version 0.1},
	url = {https://CRAN.R-project.org/package=aslib},
}

@Manual{llamamanual,
	title = {llama: Leveraging Learning to Automatically Manage Algorithms},
	author = {Lars Kotthoff and Bernd Bischl and Barry Hurley and Talal Rahwan},
	year = {2015},
	note = {R package version 0.9.1},
	url = {https://CRAN.R-project.org/package=llama},
}

@article{williams1992simple,
	title={Simple statistical gradient-following algorithms for connectionist reinforcement learning},
	author={Williams, Ronald J},
	journal={Machine learning},
	volume={8},
	number={3-4},
	pages={229--256},
	year={1992},
	publisher={Springer}
}

@article{bischl2016aslib,
	title={Aslib: A benchmark library for algorithm selection},
	author={Bischl, Bernd and Kerschke, Pascal and Kotthoff, Lars and Lindauer, Marius and Malitsky, Yuri and Fr{\'e}chette, Alexandre and Hoos, Holger and Hutter, Frank and Leyton-Brown, Kevin and Tierney, Kevin and others},
	journal={Artificial Intelligence},
	volume={237},
	pages={41--58},
	year={2016},
	publisher={Elsevier}
}

@article{peters2010policygrad,
	title={Jan Peters (2010), Scholarpedia, 5 (11): 3698. doi: 10.4249/scholarpedia. 3698 revision\# 82031 [link to/cite this article]},
	author={Izhikevich, Eugene M and Orbeck, Nick and Kolodziejski, Christoph and Bronner, Benjamin}
}

@article{zhou2015survey,
	title={A survey on contextual multi-armed bandits},
	author={Zhou, Li},
	journal={arXiv preprint arXiv:1508.03326},
	year={2015}
}

@article{gomes2001algorithm,
	title={Algorithm portfolios},
	author={Gomes, Carla P and Selman, Bart},
	journal={Artificial Intelligence},
	volume={126},
	number={1-2},
	pages={43--62},
	year={2001},
	publisher={Elsevier}
}

@article{gosavi2009reinforcement,
	title={Reinforcement learning: A tutorial survey and recent advances},
	author={Gosavi, Abhijit},
	journal={INFORMS Journal on Computing},
	volume={21},
	number={2},
	pages={178--192},
	year={2009},
	publisher={INFORMS}
}

@article{goutte1997note,
	title={Note on free lunches and cross-validation},
	author={Goutte, Cyril},
	journal={Neural Computation},
	volume={9},
	number={6},
	pages={1245--1249},
	year={1997},
	publisher={MIT Press}
}

@article{huberman1997economics,
	title={An economics approach to hard computational problems},
	author={Huberman, Bernardo A and Lukose, Rajan M and Hogg, Tad},
	journal={Science},
	volume={275},
	number={5296},
	pages={51--54},
	year={1997},
	publisher={American Association for the Advancement of Science}
}

@article{kaelbling1996reinforcement,
	title={Reinforcement learning: A survey},
	author={Kaelbling, Leslie Pack and Littman, Michael L and Moore, Andrew W},
	journal={Journal of artificial intelligence research},
	volume={4},
	pages={237--285},
	year={1996}
}

@article{kotthoff2013llama,
	title={LLAMA: leveraging learning to automatically manage algorithms},
	author={Kotthoff, Lars},
	journal={arXiv preprint arXiv:1306.1031},
	year={2013}
}

@article{kotthoff2012evaluation,
	title={An evaluation of machine learning in algorithm selection for search problems},
	author={Kotthoff, Lars and Gent, Ian P and Miguel, Ian},
	journal={AI Communications},
	volume={25},
	number={3},
	pages={257--270},
	year={2012},
	publisher={IOS Press}
}

@article{littman2015reinforcement,
	title={Reinforcement learning improves behaviour from evaluative feedback},
	author={Littman, Michael L},
	journal={Nature},
	volume={521},
	number={7553},
	pages={445},
	year={2015},
	publisher={Nature Publishing Group}
}

@article{mnih2015human,
	title={Human-level control through deep reinforcement learning},
	author={Mnih, Volodymyr and Kavukcuoglu, Koray and Silver, David and Rusu, Andrei A and Veness, Joel and Bellemare, Marc G and Graves, Alex and Riedmiller, Martin and Fidjeland, Andreas K and Ostrovski, Georg and others},
	journal={Nature},
	volume={518},
	number={7540},
	pages={529},
	year={2015},
	publisher={Nature Publishing Group}
}

@article{silver2016mastering,
	title={Mastering the game of Go with deep neural networks and tree search},
	author={Silver, David and Huang, Aja and Maddison, Chris J and Guez, Arthur and Sifre, Laurent and Van Den Driessche, George and Schrittwieser, Julian and Antonoglou, Ioannis and Panneershelvam, Veda and Lanctot, Marc and others},
	journal={nature},
	volume={529},
	number={7587},
	pages={484},
	year={2016},
	publisher={Nature Publishing Group}
}

@article{smith2005fault,
	title={Fault diagnosis and logic debugging using Boolean satisfiability},
	author={Smith, Alexander and Veneris, Andreas and Ali, Moayad Fahim and Viglas, Anastasios},
	journal={IEEE Transactions on Computer-Aided Design of Integrated Circuits and Systems},
	volume={24},
	number={10},
	pages={1606--1621},
	year={2005},
	publisher={IEEE}
}

@article{stolk2013combining,
	title={Combining vehicle routing and packing for optimal delivery schedules of water tanks},
	author={Stolk, Jacob and Mann, Isaac and Mohais, Arvind and Michalewicz, Zbigniew},
	journal={OR Insight},
	volume={26},
	number={3},
	pages={167--190},
	year={2013},
	publisher={Springer}
}

@article{smith2009cross,
	title={Cross-disciplinary perspectives on meta-learning for algorithm selection},
	author={Smith-Miles, Kate A},
	journal={ACM Computing Surveys (CSUR)},
	volume={41},
	number={1},
	pages={6},
	year={2009},
	publisher={ACM}
}

@article{wagner2018case,
	title={A case study of algorithm selection for the traveling thief problem},
	author={Wagner, Markus and Lindauer, Marius and M{\i}s{\i}r, Mustafa and Nallaperuma, Samadhi and Hutter, Frank},
	journal={Journal of Heuristics},
	volume={24},
	number={3},
	pages={295--320},
	year={2018},
	publisher={Springer}
}

@article{wolpert1997no,
	title={No free lunch theorems for optimization},
	author={Wolpert, David H and Macready, William G},
	journal={IEEE transactions on evolutionary computation},
	volume={1},
	number={1},
	pages={67--82},
	year={1997},
	publisher={IEEE}
}

@article{xu2012sparse,
	title={Sparse algorithms are not stable: A no-free-lunch theorem},
	author={Xu, Huan and Caramanis, Constantine and Mannor, Shie},
	journal={IEEE transactions on pattern analysis and machine intelligence},
	volume={34},
	number={1},
	pages={187--193},
	year={2012},
	publisher={IEEE}
}

@article{xu2008satzilla,
	title={SATzilla: portfolio-based algorithm selection for SAT},
	author={Xu, Lin and Hutter, Frank and Hoos, Holger H and Leyton-Brown, Kevin},
	journal={Journal of artificial intelligence research},
	volume={32},
	pages={565--606},
	year={2008}
}

@article{zoph2016neural,
	title={Neural architecture search with reinforcement learning},
	author={Zoph, Barret and Le, Quoc V},
	journal={arXiv preprint arXiv:1611.01578},
	year={2016}
}

@article{zoph2017learning,
	title={Learning transferable architectures for scalable image recognition},
	author={Zoph, Barret and Vasudevan, Vijay and Shlens, Jonathon and Le, Quoc V},
	journal={arXiv preprint arXiv:1707.07012},
	volume={2},
	number={6},
	year={2017},
	publisher={Technical Report}
}

@incollection{rice1976algorithm,
	title={The Algorithm Selection Problem},
	author={Rice, John R},
	booktitle={Advances in Computers},
	volume={15},
	pages={65--118},
	year={1976},
	publisher={Elsevier}
}

@inproceedings{abadi2016tensorflow,
	title={Tensorflow: a system for large-scale machine learning.},
	author={Abadi, Mart{\'\i}n and Barham, Paul and Chen, Jianmin and Chen, Zhifeng and Davis, Andy and Dean, Jeffrey and Devin, Matthieu and Ghemawat, Sanjay and Irving, Geoffrey and Isard, Michael and others},
	booktitle={OSDI},
	volume={16},
	pages={265--283},
	year={2016}
}

@inproceedings{bengio2009curriculum,
	title={Curriculum learning},
	author={Bengio, Yoshua and Louradour, J{\'e}r{\^o}me and Collobert, Ronan and Weston, Jason},
	booktitle={Proceedings of the 26th annual international conference on machine learning},
	pages={41--48},
	year={2009},
	organization={ACM}
}

@inproceedings{silverthorn2010latent,
	title={Latent Class Models for Algorithm Portfolio Methods.},
	author={Silverthorn, Bryan and Miikkulainen, Risto},
	booktitle={AAAI},
	pages={167--172},
	year={2010}
}

@inproceedings{bonyadi2013travelling,
	title={The travelling thief problem: The first step in the transition from theoretical problems to realistic problems},
	author={Bonyadi, Mohammad Reza and Michalewicz, Zbigniew and Barone, Luigi},
	booktitle={Evolutionary Computation (CEC), 2013 IEEE Congress on},
	pages={1037--1044},
	year={2013},
	organization={IEEE}
}

@inproceedings{corne2003no,
	title={No free lunch and free leftovers theorems for multiobjective optimisation problems},
	author={Corne, David W and Knowles, Joshua D},
	booktitle={International Conference on Evolutionary Multi-Criterion Optimization},
	pages={327--341},
	year={2003},
	organization={Springer}
}

@inproceedings{dietterich2000ensemble,
	title={Ensemble methods in machine learning},
	author={Dietterich, Thomas G},
	booktitle={International workshop on multiple classifier systems},
	pages={1--15},
	year={2000},
	organization={Springer}
}

@inproceedings{kotthoff2010ensemble,
	title={Ensemble classification for constraint solver configuration},
	author={Kotthoff, Lars and Miguel, Ian and Nightingale, Peter},
	booktitle={International Conference on Principles and Practice of Constraint Programming},
	pages={321--329},
	year={2010},
	organization={Springer}
}

@inproceedings{gagliolo2009towards,
	title={Towards distributed algorithm portfolios},
	author={Gagliolo, Matteo and Schmidhuber, J{\"u}rgen},
	booktitle={International Symposium on Distributed Computing and Artificial Intelligence 2008 (DCAI 2008)},
	pages={634--643},
	year={2009},
	organization={Springer}
}

@inproceedings{gagliolo2010algorithm,
	title={Algorithm selection as a bandit problem with unbounded losses},
	author={Gagliolo, Matteo and Schmidhuber, J{\"u}rgen},
	booktitle={International Conference on Learning and Intelligent Optimization},
	pages={82--96},
	year={2010},
	organization={Springer}
}

@inproceedings{gent2010learning,
	title={Learning When to Use Lazy Learning in Constraint Solving},
	author={Gent, Ian P and Jefferson, Christopher and Kotthoff, Lars and Miguel, Ian and Moore, Neil CA and Nightingale, Peter and Petrie, Karen E},
	booktitle={ECAI},
	pages={873--878},
	year={2010},
	organization={Citeseer}
}

@inproceedings{kotthoff2012hybrid,
	title={Hybrid Regression-Classification Models for Algorithm Selection.},
	author={Kotthoff, Lars},
	booktitle={ECAI},
	pages={480--485},
	year={2012}
}

@inproceedings{kotthoff2015improving,
	title={Improving the state of the art in inexact TSP solving using per-instance algorithm selection},
	author={Kotthoff, Lars and Kerschke, Pascal and Hoos, Holger and Trautmann, Heike},
	booktitle={International Conference on Learning and Intelligent Optimization},
	pages={202--217},
	year={2015},
	organization={Springer}
}

@inproceedings{kotthoff2016portfolios,
	title={Portfolios of subgraph isomorphism algorithms},
	author={Kotthoff, Lars and McCreesh, Ciaran and Solnon, Christine},
	booktitle={International Conference on Learning and Intelligent Optimization},
	pages={107--122},
	year={2016},
	organization={Springer}
}

@inproceedings{lagoudakis2000algorithm,
	title={Algorithm Selection using Reinforcement Learning.},
	author={Lagoudakis, Michail G and Littman, Michael L},
	booktitle={ICML},
	pages={511--518},
	year={2000},
	organization={Citeseer}
}

@inproceedings{lestringant2015automated,
	title={Automated identification of cryptographic primitives in binary code with data flow graph isomorphism},
	author={Lestringant, Pierre and Guih{\'e}ry, Fr{\'e}d{\'e}ric and Fouque, Pierre-Alain},
	booktitle={Proceedings of the 10th ACM Symposium on Information, Computer and Communications Security},
	pages={203--214},
	year={2015},
	organization={ACM}
}

@inproceedings{lindauer2017open,
	title={Open Algorithm Selection Challenge 2017: Setup and Scenarios},
	author={Lindauer, Marius and van Rijn, Jan N and Kotthoff, Lars},
	booktitle={Open Algorithm Selection Challenge 2017},
	pages={1--7},
	year={2017}
}

@inproceedings{xu2010hydra,
	title={Hydra: Automatically Configuring Algorithms for Portfolio-Based Selection.},
	author={Xu, Lin and Hoos, Holger and Leyton-Brown, Kevin},
	booktitle={AAAI},
	volume={10},
	pages={210--216},
	year={2010}
}

@inproceedings{sutton2000policy,
	title={Policy gradient methods for reinforcement learning with function approximation},
	author={Sutton, Richard S and McAllester, David A and Singh, Satinder P and Mansour, Yishay},
	booktitle={Advances in neural information processing systems},
	pages={1057--1063},
	year={2000}
}

@phdthesis{guo2003algorithm,
	title={Algorithm selection for sorting and probabilistic inference: a machine learning-based approach},
	author={Guo, Haipeng and Hsu, William H},
	year={2003},
	school={Kansas State University}
}

@phdthesis{khudabukhsh2009satenstein,
	title={SATenstein: Automatically building local search SAT solvers from components},
	author={KhudaBukhsh, Ashiqur R and Xu, Lin and Hoos, Holger H and Leyton-Brown, Kevin},
	year={2009},
	school={University of British Columbia}
}

@phdthesis{li2009unifying,
	title={A unifying framework for computational reinforcement learning theory},
	author={Li, Lihong},
	year={2009},
	school={Rutgers University-Graduate School-New Brunswick}
}

@book{sutton1998reinforcement,
	title={Reinforcement learning: An introduction},
	author={Sutton, Richard S and Barto, Andrew G and others},
	year={1998},
	publisher={MIT press}
}

@book{wickham2015r,
	title={R packages: organize, test, document, and share your code},
	author={Wickham, Hadley},
	year={2015},
	publisher={" O'Reilly Media, Inc."}
}

@misc{venables2015introduction,
	title={An introduction to R: a programming environment for data analysis and graphics version 3.1. 2},
	author={Venables, WN and Smith, DM},
	year={2015}
}

@techreport{wolpert1995no,
	title={No free lunch theorems for search},
	author={Wolpert, David H and Macready, William G and others},
	year={1995},
	institution={Technical Report SFI-TR-95-02-010, Santa Fe Institute}
}


@book{b1,
   Author = {Leslie Lamport},
   Title = {LaTeX: A Document Preparation System},
   Publisher = {Addison-Wesley Professional},
   Year = {1994},
}

@book{b2,
   Author = {Tobias Oetiker and Hubert Partl and Irene Hyna and Elisabeth Schlegl},
   Title = {The Not So Short Introduction to \LaTeX 2$\varepsilon$},
   Year = {2013},
   URL = {http://ctan.tug.org/tex-archive/info/lshort/english/lshort.pdf}
}

@ELECTRONIC{w2,
   title =        {LyX},
  year =         {2013},
  month =        {November},
  URL =       {http://www.lyx.org},
}

@ELECTRONIC{w3,
  institution =  {TeX User Group},
  title =        {proTeXt - a TeX distribution for Windows},
  year =         {2013},
  month =        {November},
  URL =       {http://www.tug.org/protext},
}

@ELECTRONIC{w4,
  institution =  {Universiti Teknologi Malaysia},
  title =        {UTM Thesis Manual},
  year =         {2007},
  URL =       {{http://www.sps.utm.my/sps/images/academicresources/UTM Thesis Manual 2007.pdf}},
}

@article{okamoto2004improved,
  title={Improved power performance for a recessed-gate AlGaN-GaN heterojunction FET with a field-modulating plate},
  author={Okamoto, Yasuhiro and Ando, Yuji and Hataya, Koji and Nakayama, Tatsuo and Miyamoto, Hironobu and Inoue, Takashi and Senda, Masanobu and Hirata, Koji and Kosaki, Masayoshi and Shibata, Naoki and others},
  journal={Microwave Theory and Techniques, IEEE Transactions on},
  volume={52},
  number={11},
  pages={2536--2540},
  year={2004},
  publisher={IEEE}
}

